<?xml version="1.0" encoding="UTF-8"?><collection xmlns="http://www.loc.gov/MARC21/slim"><record><leader>00468nam--2200169-u-4500</leader><controlfield tag="001">000055554</controlfield><controlfield tag="002">20161230</controlfield><controlfield tag="005">20161230201052</controlfield><controlfield tag="008">130225s1000------------r-----000-0-eng-d</controlfield><datafield ind1=" " ind2=" " tag="040"><subfield code="a">IFIN-HH</subfield></datafield><datafield ind1=" " ind2=" " tag="080"><subfield code="a">539.1(038)</subfield></datafield><datafield ind1="1" ind2=" " tag="100"><subfield code="a">Voskoboinika, D.I</subfield></datafield><datafield ind1="1" ind2="0" tag="245"><subfield code="a">English-russian nuclear dictionary</subfield><subfield code="b">Anglo-russkii iadernii slovari</subfield><subfield code="c">D.i. voskoboinika (ed.)</subfield></datafield><datafield ind1=" " ind2=" " tag="260"><subfield code="a">Moskva</subfield><subfield code="b">Fizmatgiz</subfield><subfield code="c">1960</subfield></datafield><datafield ind1=" " ind2=" " tag="300"><subfield code="a">400P</subfield></datafield><datafield ind1=" " ind2=" " tag="852"><subfield code="a">D.195</subfield><subfield code="c">SLT</subfield></datafield><datafield ind1=" " ind2=" " tag="CAT"><subfield code="a">Sys</subfield><subfield code="c">20130225</subfield><subfield code="h">115515</subfield></datafield></record></collection>